@article{vahidi2023mesostructures,
  author={Vahidi, Cyrus and Han, Han and Wang, Changhong and Lagrange, Mathieu and Fazekas, Gy{\"o}rgy and Lostanlen, Vincent},
journal={journal of the audio engineering society},
title={mesostructures: beyond spectrogram loss in differentiable time--frequency analysis},
year={2023},
volume={71},
issue={9},
pages={577-585},
month={september}
}

@article{braun2024dac,
  title={DAC-JAX: A JAX Implementation of the Descript Audio Codec},
  author={Braun, David},
  journal={arXiv preprint arXiv:2405.11554},
  year={2024}
}

@article{braun2021dawdreamer,
  title={DawDreamer: bridging the gap between digital audio workstations and Python interfaces},
  author={Braun, David},
  journal={arXiv preprint arXiv:2111.09931},
  year={2021}
}

@article{hayes2024review,
  title={A review of differentiable digital signal processing for music and speech synthesis},
  author={Hayes, Ben and Shier, Jordie and Fazekas, Gy{\"o}rgy and McPherson, Andrew and Saitis, Charalampos},
  journal={Frontiers in Signal Processing},
  volume={3},
  pages={1284100},
  year={2024},
  publisher={Frontiers Media SA}
}

@article{schwar2023multi,
  title={Multi-scale spectral loss revisited},
  author={Schw{\"a}r, Simon and M{\"u}ller, Meinard},
  journal={IEEE Signal Processing Letters},
  volume={30},
  pages={1712--1716},
  year={2023},
  publisher={IEEE}
}

@article{young1939terminology,
  title={Terminology for logarithmic frequency units},
  author={Young, Robert W},
  journal={The Journal of the Acoustical Society of America},
  volume={11},
  number={1},
  pages={134--139},
  year={1939},
  publisher={Acoustical Society of America}
}

@book{barnes2016nice,
  title={Nice numbers},
  author={Barnes, John},
  year={2016},
  publisher={Springer}
}
@book{sethares2005tuning,
  title={Tuning, timbre, spectrum, scale},
  author={Sethares, William A},
  year={2005},
  publisher={Springer Science \& Business Media}
}
@article{engel2020ddsp,
  title={{DDSP}: Differentiable digital signal processing},
  author={Engel, Jesse and Hantrakul, Lamtharn and Gu, Chenjie and Roberts, Adam},
  journal={arXiv preprint arXiv:2001.04643},
  year={2020}
}
@misc{salimi2025soundmatching,
  author       = {Amir Salimi and Abram Hindle and Osmar R. Za\"{\i}ane},
  title        = {Evaluating Sound Similarity Metrics for Differentiable, Iterative Sound-Matching},
  year         = {2025},
  note         = {Preprint},
  howpublished = {\url{https://arxiv.org/abs/2506.22628}},  
}

@article{vinay2022evaluating,
  title={Evaluating generative audio systems and their metrics},
  author={Vinay, Ashvala and Lerch, Alexander},
  journal={arXiv preprint arXiv:2209.00130},
  year={2022}
}

@article{turian2020sorry,
  title={I'm sorry for your loss: Spectrally-based audio distances are bad at pitch},
  author={Turian, Joseph and Henry, Max},
  journal={arXiv preprint arXiv:2012.04572},
  year={2020}
}


@article{masuda2023improving,
  title={Improving semi-supervised differentiable synthesizer sound matching for practical applications},
  author={Masuda, Naotake and Saito, Daisuke},
  journal={IEEE/ACM Transactions on Audio, Speech, and Language Processing},
  volume={31},
  pages={863--875},
  year={2023},
  publisher={IEEE},
  doi={10.1109/TASLP.2023.3237161}
}

@inproceedings{han2023perceptual,
  title={Perceptual--neural--physical sound matching},
  author={Han, Han and Lostanlen, Vincent and Lagrange, Mathieu},
  booktitle={ICASSP 2023-2023 IEEE International Conference on Acoustics, Speech and Signal Processing (ICASSP)},
  pages={1--5},
  year={2023},
  organizatio={IEEE}
}

@article{han2024learning,
  journal = {IEEE/ACM Transactions on Audio, Speech, and Language Processing},
  author  = {Han, Han and Lostanle{n}, Vincent and Lagrange, Mathieu},
  title   = {Learning to Solve Inverse Problems for Perceptual Sound Matching},
  year    = {2024},
  volume  = {32},
  pages   = {2605--2615},
  doi     = {10.1109/TASLP.2024.3393738},
}

